@article{breiman2001,
    author = "Breiman, Leo",
    doi = "10.1214/ss/1009213726",
    fjournal = "Statistical Science",
    journal = "Statist. Sci.",
    month = "08",
    number = "3",
    pages = "199--231",
    publisher = "The Institute of Mathematical Statistics",
    title = "Statistical Modeling: The Two Cultures (with comments and a
     rejoinder by the author)",
    url = "http://dx.doi.org/10.1214/ss/1009213726",
    volume = "16",
    year = "2001"
}
